@book{react_book_1,
 title = {React.js Essentials: A fast-paced guide to designing and building scalable and maintainable web apps with React.js},
 author = {Artemij Fedosejev},           
 year = {2015},
 location = {Birmingham},
 publisher = {Packt Publishing Ltd}
}

@misc{eu-dir-95-46-ec,
  author={Council of the European Union},
  title={Directive 95/46/EC},
  year={1995},
  note={\newline Available at: \url{http://eur-lex.europa.eu/LexUriServ/LexUriServ.do?uri=CELEX:31995L0046:en:HTML} [Accessed 31 Dec. 2017]},
}

@misc{makwa,
 title = {The MAKWA Password Hashing Function - Specifications v1.1},
 author = {Thomas Pornin},           
 year = {2015},
 note={\newline Available at: \url{http://www.bolet.org/makwa/makwa-spec-20150422.pdf} [Accessed 31 Dec. 2017]},
}

@book{srp,
 title = {The Secure Remote Password Protocol},
 author = {Thomas Wu},           
 year = {1998},
 location = {Stanford},
 publisher = {Stanford University}
}

@misc{encrypt,
  author={{Microsoft Support}},
  title={Description of Symmetric and Asymmetric Encryption},
  year={2017},
  note={\newline Available at: \url{https://support.microsoft.com/en-us/help/246071/description-of-symmetric-and-asymmetric-encryption} [Accessed 31 Dec. 2017]},
}

@misc{hash,
  author={{Security Ltd.}},
  title={What is The Difference Between Hashing and Encrypting},
  year={2017},
  note={\newline Available at: \url{https://www.securityinnovationeurope.com/blog/page/whats-the-difference-between-hashing-and-encrypting} [Accessed 31 Dec. 2017]},
}

@misc{crack,
  author={Taylor Hornby},
  title={Secure Salted Password Hashing - How to do it Properly},
  year={2017},
  note={\newline Available at: \url{https://crackstation.net/hashing-security.htm} [Accessed 31 Dec. 2017]},
}

@misc{ciphers,
  author={Lucas Kauffman},
  title={About Secure Password Hashing},
  year={2017},
  note={\newline Available at: \url{http://security.blogoverflow.com/2013/09/about-secure-password-hashing/} [Accessed 31 Dec. 2017]},
}

@book{usenix,
 title = {Proceedings of the FREENIX Track - A Future-Adaptable Password Scheme},
 author = {{Niels Provos},{David Mazières}},         
 year = {1999},
 location = {Monterey, California},
 publisher = {USENIX Association}
}

@misc{ciphers,
  author={Lucas Kauffman},
  title={About Secure Password Hashing},
  year={2017},
  note={\newline Available at: \url{http://security.blogoverflow.com/2013/09/about-secure-password-hashing/} [Accessed 31 Dec. 2017]},
}

@book{info_sec,
 title = {Information Security Practice and Experience: 11th International Conference},
 author = {{Javier Lopez},{Yongdong Wu}},         
 year = {2015},
 location = {Beijing, China},
 publisher = {Springer International Publishing AG}
}

@misc{bcryptjs,
  author={Daniel Wirtz},
  title={bcryptjs},
  year={2017},
  note={\newline Available at: \url{https://www.npmjs.com/package/bcryptjs} [Accessed 5 Jan. 2018]},
}

@misc{jBCrypt,
  author={Damien Miller},
  title={jBCrypt},
  year={2015},
  note={\newline Available at: \url{https://www.mindrot.org/projects/jBCrypt/} [Accessed 5 Jan. 2018]},
}

@misc{cc,
  author={{codecentric AG}},
  title={Über das Unternehmen codecentric AG},
  year={2017},
  note={\newline Available at: \url{https://www.codecentric.de/ueber-uns/unternehmen/} [Accessed 6 Jan. 2018]},
}